<?xml version="1.0" encoding="UTF-8"?><collection xmlns="http://www.loc.gov/MARC21/slim"><record><leader>00354nam--2200133-i-4500</leader><controlfield tag="001">000049116</controlfield><controlfield tag="002">20161230</controlfield><controlfield tag="005">20161230201047</controlfield><controlfield tag="008">060222s1000------------r-----000-0-eng-d</controlfield><datafield ind1=" " ind2=" " tag="080"><subfield code="a">539.1.07</subfield></datafield><datafield ind1=" " ind2=" " tag="245"><subfield code="a">Radiological monitoring methods and instruments</subfield></datafield><datafield ind1=" " ind2=" " tag="260"><subfield code="a">Washington, U.S.Dept.Of Commerce, 1952, Iv+33p</subfield></datafield><datafield ind1=" " ind2=" " tag="490"><subfield code="a">N.B.S.Handbook</subfield></datafield><datafield ind1=" " ind2=" " tag="852"><subfield code="a">10794</subfield></datafield></record></collection>